@misc{ref:000,
  title   = {O que é cloud computing (computação em nuvem)?},
  url     = {https://aws.amazon.com/pt/what-is-cloud-computing/},
  urldate = {2022-11-23},
  note    = {Acesso em: 23 Nov. 2022},
  author  = {AWS}
}

@misc{ref:001,
  title     = {Assistente virtual inteligente},
  copyright = {Creative Commons Attribution-ShareAlike License},
  url       = {https://pt.wikipedia.org/w/index.php?title=Assistente_virtual_inteligente&oldid=61772562},
  abstract  = {Um assistente pessoal inteligente é um agente de software que pode realizar tarefas ou serviços para um indivíduo. Estas tarefas ou serviços são baseados na entrada do usuário, geolocalização, e a capacidade de acessar informações de uma variedade de fontes on-line, tais como condições meteorológicas e de trânsito, notícias, os preços das ações, horários de usuários, entre outros. Exemplos de assistentes virtuais inteligentes são a Alexa, Siri, Google Assistant e Microsoft Cortana.Se trata de um sistema que acessa um banco de dados e, com grande velocidade, gera uma resposta. O que facilita e agiliza na obtenção de informações para usuários do Assistente Virtual. Além disso, os Assistentes Virtuais são capazes, por meio de Inteligência Artificial, de optimizar o banco de dados ao reconhecer mais perguntas e respostas com o passar do tempo. Portanto, desde o inicio do avanço exponencial de diversas áreas da ciência da computação e por meio de sua combinação, nas ultimas décadas. Os Assistentes Virtuais vem ganhando grande espaço.},
  language  = {pt},
  urldate   = {2022-11-25},
  journal   = {Wikipédia, a enciclopédia livre},
  month     = aug,
  year      = {2021},
  author    = {Wikipedia},
  note      = {Page Version ID: 61772562}
}

@misc{ref:002,
  title     = {Amazon {Alexa}},
  copyright = {Creative Commons Attribution-ShareAlike License},
  url       = {https://en.wikipedia.org/w/index.php?title=Amazon_Alexa&oldid=1123495975},
  language  = {en},
  urldate   = {2022-11-25},
  journal   = {Wikipedia},
  month     = nov,
  year      = {2022},
  author    = {Wikipedia},
  note      = {Page Version ID: 1123495975}
}

@misc{ref:003,
  title   = {Towards a definition of the {Internet} of {Things} ({IoT})},
  url     = {https://iot.ieee.org/images/files/pdf/IEEE_IoT_Towards_Definition_Internet_of_Things_Issue1_14MAY15.pdf},
  urldate = {2022-11-01},
  note    = {Acesso em: 01 Nov. 2022},
  author  = {IEEE},
  month   = jun,
  year    = {2015}
}

@misc{ref:004,
  title   = {What is {IoT} ({Internet} of {Things}) and {How} {Does} it {Work}?},
  url     = {https://www.techtarget.com/iotagenda/definition/Internet-of-Things-IoT},
  urldate = {2022-07-07},
  note    = {Acesso em: 07 Jul. 2022},
  year    = {2022},
  author  = {Alexander S. Gillis}
}

@misc{ref:005,
  title   = {O que é {IoT} ({Internet} das {Coisas})?},
  url     = {https://www.oracle.com/br/internet-of-things/what-is-iot/},
  urldate = {2022-07-07},
  note    = {Acesso em: 07 Jul. 2022},
  year    = {2022},
  author  = {ORACLE}
}

@misc{ref:006,
  title   = {What is {AWS}?},
  url     = {https://www.youtube.com/watch?v=a9__D53WsUs},
  urldate = {2022-06-14},
  note    = {Acesso em: 14 Jun. 2022},
  author  = {AWS},
  month   = dec,
  year    = {2019}
}

@misc{ref:007,
  title   = {O que é {AWS}? {Como} funciona {Amazon} {Web} {Services}},
  url     = {https://aws.amazon.com/pt/what-is-aws/?nc2=h_ql_le_int},
  urldate = {2022-06-14},
  note    = {Acesso em: 14 Jun. 2022},
  author  = {AWS},
  year    = {2022}
}

@misc{ref:008,
  title   = {Principais recursos do Amazon CloudFront},
  url     = {https://aws.amazon.com/pt/cloudfront/features/?whats-new-cloudfront.sort-by=item.additionalFields.postDateTime&whats-new-cloudfront.sort-order=desc},
  urldate = {2022-11-18},
  note    = {Acesso em: 18 Nov. 2022},
  author  = {AWS},
  year    = {2022}
}

@misc{ref:009,
  title   = {{AWS} é nomeada pelo 11º ano consecutivo líder em infraestrutura e serviços de plataforma em nuvem ({CIPS}) no {Quadrante} {Mágico} do {Gartner} de 2021},
  url     = {https://aws.amazon.com/pt/blogs/aws-brasil/aws-e-nomeada-pelo-11o-ano-consecutivo-lider-em-infraestrutura-e-servicos-de-plataforma-em-nuvem-cips-no-quadrante-magico-do-gartner-de-2021/},
  urldate = {2022-11-28},
  note    = {Acesso em: 28 Nov. 2022},
  author  = {O Blog da AWS},
  year    = {2021}
}

@misc{ref:010,
  title   = {What is {IAM}?},
  url     = {https://docs.aws.amazon.com/IAM/latest/UserGuide/introduction.html},
  urldate = {2022-10-23},
  note    = {Acesso em: 23 Out. 2022},
  author  = {AWS},
  year    = {2022}
}

@misc{ref:011,
  title   = {{AWS} {IAM} - {Identity} and {Access} {Management}},
  url     = {https://aws.amazon.com/pt/iam/},
  urldate = {2022-11-28},
  note    = {Acesso em: 28 Nov. 2022},
  author  = {AWS},
  year    = {2022}
}

@misc{ref:012,
  title   = {Segurança em {AWS} {IoT}},
  url     = {https://docs.aws.amazon.com/pt_br/iot/latest/developerguide/security.html},
  urldate = {2022-11-20},
  note    = {Acesso em: 20 Nov. 2022},
  author  = {AWS},
  year    = {2022}
}

@misc{ref:013,
  title   = {Modelo de responsabilidade compartilhada},
  url     = {https://aws.amazon.com/pt/compliance/shared-responsibility-model/},
  urldate = {2022-11-19},
  note    = {Acesso em: 19 Nov. 2022},
  author  = {AWS},
  year    = {2022}
}

@misc{ref:014,
  title     = {Transport {Layer} {Security}},
  copyright = {Creative Commons Attribution-ShareAlike License},
  url       = {https://en.wikipedia.org/w/index.php?title=Transport_Layer_Security&oldid=1124113774},
  language  = {en},
  urldate   = {2022-11-28},
  journal   = {Wikipedia},
  author    = {Wikipedia},
  month     = nov,
  year      = {2022},
  note      = {Page Version ID: 1124113774}
}

@misc{ref:015,
  title   = {Identity and access management for {AWS} {IoT}},
  url     = {https://docs.aws.amazon.com/iot/latest/developerguide/security-iam.html},
  urldate = {2022-11-20},
  note    = {Acesso em: 20 Nov. 2022},
  author  = {AWS},
  year    = {2022}
}

@misc{ref:016,
  title   = {Authentication},
  url     = {https://docs.aws.amazon.com/iot/latest/developerguide/authentication.html},
  urldate = {2022-11-20},
  note    = {Acesso em: 20 Nov. 2022},
  author  = {AWS},
  year    = {2022}
}

@misc{ref:017,
  title   = {Authorization},
  url     = {https://docs.aws.amazon.com/iot/latest/developerguide/iot-authorization.html},
  urldate = {2022-11-20},
  note    = {Acesso em: 20 Nov. 2022},
  author  = {AWS},
  year    = {2022}
}

@misc{ref:018,
  title   = {What is {AWS} {IoT}?},
  url     = {https://docs.aws.amazon.com/iot/latest/developerguide/what-is-aws-iot.html},
  urldate = {2022-11-28},
  note    = {Acesso em: 28 Nov. 2022},
  author  = {AWS},
  year    = {2022}
}

@misc{ref:019,
  title   = {How {AWS} {IoT} works},
  url     = {https://docs.aws.amazon.com/iot/latest/developerguide/aws-iot-how-it-works.html},
  urldate = {2022-11-28},
  note    = {Acesso em: 28 Nov. 2022},
  author  = {AWS},
  year    = {2022}
}

@misc{ref:020,
  title   = {{AWS} {IoT} {Core}},
  url     = {https://aws.amazon.com/pt/iot-core/},
  urldate = {2022-07-10},
  note    = {Acesso em: 10 Jul. 2022},
  author  = {AWS},
  year    = {2022}
}

@misc{ref:021,
  title   = {Preços do AWS IoT Core},
  url     = {https://aws.amazon.com/pt/iot-core/pricing/},
  urldate = {2022-07-10},
  note    = {Acesso em: 10 Jul. 2022},
  author  = {AWS},
  year    = {2022}
}

@misc{ref:022,
  title   = {Amazon Lambda},
  url     = {https://aws.amazon.com/pt/lambda/},
  urldate = {2022-11-20},
  note    = {Acesso em: 20 Nov. 2022},
  author  = {AWS},
  year    = {2022}
}

@misc{ref:023,
  title   = {Definição de preço do AWS Lambda},
  url     = {https://aws.amazon.com/pt/lambda/pricing/},
  urldate = {2022-11-20},
  note    = {Acesso em: 20 Nov. 2022},
  author  = {AWS},
  year    = {2022}
}

@misc{ref:024,
  title   = {Computação sem servidor - AWS Lambda},
  url     = {https://aws.amazon.com/pt/lambda/features/?pg=ln&sec=hs},
  urldate = {2022-11-20},
  note    = {Acesso em: 20 Nov. 2022},
  author  = {AWS},
  year    = {2022}
}

@misc{ref:025,
  title     = {{MQTT}},
  copyright = {Creative Commons Attribution-ShareAlike License},
  url       = {https://en.wikipedia.org/w/index.php?title=MQTT&oldid=1118119074},
  language  = {en},
  urldate   = {2022-11-28},
  journal   = {Wikipedia},
  author    = {Wikipedia},
  month     = oct,
  year      = {2022},
  note      = {Page Version ID: 1118119074}
}

@misc{ref:026,
  title   = {{MQTT} {Publish}, {Subscribe} \& {Unsubscribe} - {MQTT} {Essentials}: {Part} 4},
  url     = {https://www.hivemq.com/blog/mqtt-essentials-part-4-mqtt-publish-subscribe-unsubscribe/},
  urldate = {2022-07-10},
  note    = {Acesso em: 10 Jul. 2022},
  year    = {2015},
  author  = {HiveMQ}
}

@misc{ref:028,
  title   = {Alexa Skills},
  url     = {https://www.amazon.com.br/b?ie=UTF8&node=17938238011},
  urldate = {2022-11-25},
  note    = {Acesso em: 25 Nov. 2022},
  author  = {Amazon},
  year    = {2022}
}

@misc{ref:029,
  title   = {Get {Started} with the {Alexa} {Skills} {Kit}},
  url     = {https://developer.amazon.com/pt-BR/alexa/alexa-skills-kit/start},
  urldate = {2022-11-25},
  note    = {Acesso em: 25 Nov. 2022},
  author  = {Desenvolvedor Amazon},
  year    = {2022}
}

@misc{ref:030,
  title   = {Integração do {Alexa} {Voice} {Service} ({AVS}) {aoAWS} {IoT}},
  url     = {https://docs.aws.amazon.com/pt_br/iot/latest/developerguide/avs-integration-aws-iot.html},
  urldate = {2022-11-25},
  note    = {Acesso em: 25 Nov. 2022},
  author  = {AWS},
  year    = {2022}
}

@misc{ref:031,
  title   = {Protótipo de automação residencial utilizando uma assistente de voz},
  url     = {http://dsc.inf.furb.br/arquivos/tccs/monografias/2018_1_leandro-dallarosaneto_monografia.pdf},
  urldate = {2022-06-01},
  note    = {Acesso em: 01 Jun. 2022},
  author  = {Leandro Dallarosa Neto},
  month   = jun,
  year    = {2018},
}

@misc{ref:032,
  title   = {Creating an {Alexa} controlled {Raspberry} {Pi} {Internet} of {Things}},
  url     = {https://www.youtube.com/playlist?list=PLBhGdOzq6HIYR7jWuMrcoh6MwjIg4QtUM},
  urldate = {2022-11-28},
  note    = {Acesso em: 28 Nov. 2022},
  year    = {2019},
  author  = {John Allwork}
}

@misc{ref:033,
  title   = {Sistemas embarcados: agregue funções e valor aos produtos.},
  url     = {https://www.primeup.com.br/engenharia-de-sistemas/},
  urldate = {2022-11-28},
  note    = {Acesso em: 28 Nov. 2022},
  year    = {2022},
  author  = {PrimeUP}
}

@misc{ref:034,
  title   = {Learn {How} to {Use} {Alexa} {Voice} {Service} ({AVS}) {Integration} for {AWS} {IoT} {Core}},
  url     = {https://pages.awscloud.com/Learn-How-to-Use-Alexa-Voice-Service-AVS-Integration-for-AWS-IoT-Core_2020_0103-IOT_OD.html},
  urldate = {2022-07-06},
  note    = {Acesso em: 06 Jul. 2022},
  year    = {2022},
  author  = {AWS Online Tech Talks}
}

@misc{ref:035,
  title    = {B-{L475E}-{IOT01A} - {STM32L4} {Discovery} kit {IoT} node, low-power wireless, {BLE}, {NFC}, {SubGHz}, {Wi}-{Fi}},
  url      = {https://www.st.com/en/evaluation-tools/b-l475e-iot01a.html},
  language = {en},
  urldate  = {2022-09-07},
  author   = {STMicroelectronics},
  year     = {2022}
}
@misc{ref:036,
  title    = {CORE-V DevKits},
  url      = {https://www.openhwgroup.org/core-v-devkits/},
  language = {en},
  urldate  = {2022-09-07},
  author   = {Group OpenHW},
  year     = {2022}
}

@misc{ref:037,
  title   = {{NXP} {EdgeReady} {\textbar} {MCU} for {Alexa} {Voice} {Service}},
  url     = {https://www.nxp.com/design/designs/edgeready-mcu-based-solution-for-alexa-for-iot:MCU-VOICE-CONTROL-AVS},
  urldate = {2022-09-07},
  note    = {Acesso em: 07 Set. 2022},
  author  = {NXP},
  year    = {2022}
}

@misc{ref:038,
  title   = {Home Hub 100 Dev Kit for Amazon AVS},
  url     = {https://www.qualcomm.com/products/application/smart-homes/home-hub-100-platform/qualcomm-home-hub-100-dev-kit-amazon-avs},
  urldate = {2022-09-07},
  note    = {Acesso em: 07 Set. 2022},
  author  = {Qualcomm},
  year    = {2022}
}

@misc{ref:039,
  title   = {{STM32} {Audio} and {Voice} {Solutions} - {STMicroelectronics}},
  url     = {https://www.st.com/content/st_com/en/ecosystems/stm32-alexa-voice.html},
  urldate = {2022-09-07},
  note    = {Acesso em: 07 Set. 2022},
  author  = {STMicroelectronics},
  year    = {2022}
}

@misc{ref:040,
  title   = {AWS IoT software expansion for STM32Cube},
  url     = {https://www.st.com/content/st_com/en/products/embedded-software/mcu-mpu-embedded-software/stm32-embedded-software/stm32cube-expansion-packages/x-cube-aws.html},
  urldate = {2022-09-07},
  note    = {Acesso em: 07 Set. 2022},
  author  = {STMicroelectronics},
  year    = {2022}
}

@misc{ref:041,
  title   = {Getting starting with STM32L4 Discovery kit IoT node},
  url     = {https://www.youtube.com/watch?v=6eUqxjBL_wI},
  urldate = {2022-09-07},
  note    = {Acesso em: 07 Set. 2022},
  author  = {STMicroelectronics},
  year    = {2022}
}

@misc{ref:042,
  title   = {Amazon {Alexa} {Voice} {AI}},
  url     = {https://developer.amazon.com/en-US/alexa},
  urldate = {2022-09-07},
  note    = {Acesso em: 07 Set. 2022},
  year    = {2022},
  author  = {Desenvolvedor Amazon}
}

@misc{ref:043,
  title   = {guiguitz/B-L475E-IOT01A2-Skill},
  url     = {PENDING},
  urldate = {2022-11-28},
  note    = {Acesso em: 28 Nov. 2022},
  year    = {2022},
  author  = {Autor}
}

@misc{ref:044,
  title   = {guiguitz/B-L475E-IOT01A2-Handler},
  url     = {https://github.com/guiguitz/B-L475E-IOT01A2-Handler},
  urldate = {2022-11-28},
  note    = {Acesso em: 28 Nov. 2022},
  year    = {2022},
  author  = {Autor}
}

@misc{ref:045,
  title   = {Zero to Hero: Alexa Skills},
  url     = {https://www.youtube.com/playlist?list=PLdZn93YfA_1ZP1WFkz6bm08v3zFfWwfGW},
  urldate = {2022-11-28},
  note    = {Acesso em: 28 Nov. 2022},
  year    = {2022},
  author  = {Alexa Developers}
}

@misc{ref:046,
  title   = {Part 2: Skill Internationalization (i18n), Interceptors \& Error Handling},
  url     = {https://www.youtube.com/watch?v=NXVmHWZZcjw&list=PLdZn93YfA_1ZP1WFkz6bm08v3zFfWwfGW&index=2},
  urldate = {2022-11-28},
  note    = {Acesso em: 28 Nov. 2022},
  year    = {2022},
  author  = {Alexa Developers}
}

@misc{ref:047,
  title   = {Part 11: Publishing},
  url     = {https://www.youtube.com/watch?v=I0fxuQQkLYg&list=PLdZn93YfA_1ZP1WFkz6bm08v3zFfWwfGW&index=11},
  urldate = {2022-11-28},
  note    = {Acesso em: 28 Nov. 2022},
  year    = {2022},
  author  = {Alexa Developers}
}

@misc{ref:048,
  title   = {Vídeo},
  url     = {PENDIG},
  urldate = {2022-11-28},
  note    = {Acesso em: 28 Nov. 2022},
  year    = {2022},
  author  = {Autor}
}
