@misc{pratik_stm32_2021,
  title    = {{STM32} {WiFi} - {What} are your {Options}?},
  url      = {https://pcbartists.com/design/embedded/stm32-wifi-options/},
  abstract = {Adding WiFi to STM32 can open up a lot of possibilities for IoT and industrial automation applications. We explore some STM32 WiFi options.},
  language = {en-GB},
  urldate  = {2022-04-18},
  journal  = {PCB Artists},
  author   = {{Pratik}},
  month    = jun,
  year     = {2021}
}

@misc{atomic14_build_2020,
  title   = {Build your own {Alexa} with the {ESP32} and {TensorFlow} {Lite}},
  url     = {https://www.youtube.com/watch?v=re-dSV_a0tM},
  urldate = {2022-04-18},
  author  = {{atomic14}},
  month   = oct,
  year    = {2020}
}

@misc{atomic14_tensorflow_2020,
  title   = {{TensorFlow} {Lite} {With} {Platform}.io and the {ESP32}},
  url     = {https://www.youtube.com/watch?v=kZdIO82059E},
  urldate = {2022-04-18},
  author  = {{atomic14}},
  month   = sep,
  year    = {2020}
}

@misc{atomic14_esp32_2020,
  title   = {{ESP32} {Audio} {Input} - {INMP441} and {SPH0645} {MEMS} {I2S} {Breakout} {Boards}},
  url     = {https://www.youtube.com/watch?v=3g7l5bm7fZ8},
  urldate = {2022-04-18},
  author  = {{atomic14}},
  month   = sep,
  year    = {2020}
}

@misc{amazon_web_services_what_2019,
  title      = {What is {AWS}? {\textbar} {Amazon} {Web} {Services}},
  shorttitle = {What is {AWS}?},
  url        = {https://www.youtube.com/watch?v=a9__D53WsUs},
  urldate    = {2022-06-14},
  author     = {{Amazon Web Services}},
  month      = dec,
  year       = {2019}
}

@misc{noauthor_o_nodate,
  title   = {O que é {AWS}? {Como} funciona {Amazon} {Web} {Services}},
  url     = {https://aws.amazon.com/pt/what-is-aws/?nc2=h_ql_le_int},
  urldate = {2022-06-14}
}

@misc{amazon_web_services_transforming_2020,
  title   = {Transforming your {Business} with {AWS} {IoT}},
  url     = {https://www.youtube.com/watch?v=-E-sgEsgwRY},
  urldate = {2022-06-14},
  author  = {{Amazon Web Services}},
  month   = nov,
  year    = {2020}
}

@misc{amazon_web_services_aws_2020,
  title   = {{AWS} {IoT} for the {Connected} {Home}},
  url     = {https://www.youtube.com/watch?v=FerZ0KvlP7g},
  urldate = {2022-06-14},
  author  = {{Amazon Web Services}},
  month   = sep,
  year    = {2020}
}

@misc{noauthor_o_nodate-1,
  title   = {O que é {AWS} {Lambda}? - {dataRain} {Consulting} {\textbar} {Advanced} {Partner}},
  url     = {https://www.datarain.com.br/blog/o-que-e-aws-lambda/},
  urldate = {2022-06-14}
}

@misc{noauthor_embedded_nodate,
  title   = {embedded system {Icon} - {Download} embedded system {Icon} 3358309 {\textbar} {Noun} {Project}},
  url     = {https://thenounproject.com/icon/embedded-system-3358309/},
  urldate = {2022-06-21}
}

@misc{noauthor_download_nodate,
  title   = {Download {Amazon} {Alexa} {Logo} in {SVG} {Vector} or {PNG} {File} {Format} - {Logo}.wine},
  url     = {https://www.logo.wine/logo/Amazon_Alexa},
  urldate = {2022-06-21}
}

@misc{noauthor_ficheirouser_nodate,
  title   = {Ficheiro:{User} icon {BLACK}-01.png – {Wikipédia}, a enciclopédia livre},
  url     = {https://pt.wikipedia.org/wiki/Ficheiro:User_icon_BLACK-01.png},
  urldate = {2022-06-21}
}

@misc{noauthor_download_nodate-1,
  title   = {Download mic icon png - {Free} {PNG} {Images} {\textbar} {TOPpng}},
  url     = {https://toppng.com/show_download/126062/mic-icon/large},
  urldate = {2022-06-21}
}

@misc{noauthor_aws_nodate,
  title   = {{AWS} {IoT} - {Internet} of {Things} - {Amazon} {Web} {Services}},
  url     = {https://aws.amazon.com/pt/iot/},
  urldate = {2022-06-27}
}

@misc{noauthor_aws_nodate-1,
  title   = {{AWS} {IoT} {Solution} {Repository} - {Amazon} {Web} {Services}},
  url     = {https://aws.amazon.com/pt/iot/solutions/?nc=sn&loc=3&dn=1&iot-solution-repository-cards.sort-by=item.additionalFields.headline&iot-solution-repository-cards.sort-order=asc&awsf.iot-solution-repository-filter-industry=*all&awsf.iot-solution-repository-filter-products=*all&awsf.iot-solution-repository-filter-usecase=*all&awsf.iot-solution-repository-filter-solution-type=*all},
  urldate = {2022-06-27}
}

@misc{noauthor_iot_nodate,
  title   = {{IoT} para residências conectadas {\textbar} {Automação} residencial, segurança e monitoramento residenciais, redes residenciais {\textbar} {AWS} {IoT}},
  url     = {https://aws.amazon.com/pt/iot/solutions/connected-home/},
  urldate = {2022-06-27}
}

@misc{noauthor_aws_nodate-2,
  title   = {{AWS} {IoT} e {Alexa}},
  url     = {https://aws.amazon.com/pt/iot/solutions/connected-home/iot-and-alexa/},
  urldate = {2022-06-27}
}

@misc{noauthor_introducing_nodate,
  title   = {Introducing {Alexa} {Voice} {Service} {Integration} for {AWS} {IoT} {Core}, a new way to cost-effectively bring {Alexa} {Voice} to any type of connected device {\textbar} {The} {Internet} of {Things} on {AWS} – {Official} {Blog}},
  url     = {https://aws.amazon.com/pt/blogs/iot/introducing-alexa-voice-service-integration-for-aws-iot-core/},
  urldate = {2022-06-27}
}

@misc{noauthor_17_nodate,
  title   = {(17) {iDevices} {Accelerates} {Innovation} and {Develops} {Instinct}™ {Product} {Software} in 4 {Months} with {AWS} {IoT} - {YouTube}},
  url     = {https://www.youtube.com/watch?v=GWsKe8NiwaE},
  urldate = {2022-06-27}
}

@misc{noauthor_european_nodate,
  title   = {European {RISC}-{V} chip for {IoT} development kit - {eeNews} {Europe}},
  url     = {https://www.eenewseurope.com/en/european-risc-v-chip-for-iot-development-kit/},
  urldate = {2022-07-06}
}

@misc{noauthor_learn_nodate,
  title   = {Learn {How} to {Use} {Alexa} {Voice} {Service} ({AVS}) {Integration} for {AWS} {IoT} {Core} {\textbar} {AWS} {Online} {Tech} {Talks}},
  url     = {https://pages.awscloud.com/Learn-How-to-Use-Alexa-Voice-Service-AVS-Integration-for-AWS-IoT-Core_2020_0103-IOT_OD.html},
  urldate = {2022-07-06}
}

@misc{noauthor_amazon_nodate,
  title   = {Amazon {FreeRTOS} - {Extends} {FreeRTOS} kernel with open source libraries to easily and securely connect your {MCUs} to the cloud - {STMicroelectronics}},
  url     = {https://www.st.com/en/partner-products-and-services/amazon-freertos.html},
  urldate = {2022-07-06}
}

@misc{noauthor_european_nodate-1,
  title   = {European {RISC}-{V} chip for {IoT} development kit - {eeNews} {Europe}},
  url     = {https://www.eenewseurope.com/en/european-risc-v-chip-for-iot-development-kit/},
  urldate = {2022-07-06}
}

@misc{noauthor_nxp_nodate,
  title   = {{NXP} {EdgeReady} {\textbar} {MCU} for {Alexa} {Voice} {Service} {\textbar} {NXP} {Semiconductors}},
  url     = {https://www.nxp.com/design/designs/edgeready-mcu-based-solution-for-alexa-for-iot:MCU-VOICE-CONTROL-AVS#buy},
  urldate = {2022-07-06}
}

@misc{noauthor_hacks_nodate,
  title   = {Hacks {\textbar} {Markdown} {Guide}},
  url     = {https://www.markdownguide.org/hacks/#line-breaks-within-table-cells},
  urldate = {2022-07-06}
}

@misc{noauthor_o_nodate-2,
  title   = {O que é {IoT} ({Internet} das {Coisas})? {\textbar} {Oracle} {Brasil}},
  url     = {https://www.oracle.com/br/internet-of-things/what-is-iot/},
  urldate = {2022-07-07}
}

@misc{noauthor_what_nodate,
  title   = {What is {IoT} ({Internet} of {Things}) and {How} {Does} it {Work}? - {Definition} from {TechTarget}.com},
  url     = {https://www.techtarget.com/iotagenda/definition/Internet-of-Things-IoT},
  urldate = {2022-07-07}
}

@misc{noauthor_o_nodate-3,
  title   = {O que é o {AWS} {IoT}? - {AWS} {IoT} {Core}},
  url     = {https://docs.aws.amazon.com/pt_br/iot/latest/developerguide/what-is-aws-iot.html},
  urldate = {2022-07-07}
}

@misc{noauthor_freertos_nodate,
  title   = {{FreeRTOS} – {Sistema} operacional em tempo real para microcontroladores – {AWS}},
  url     = {https://aws.amazon.com/pt/freertos/},
  urldate = {2022-07-08}
}

@misc{noauthor_freertos_nodate-1,
  title   = {{FreeRTOS} - {Wikipedia}},
  url     = {https://en.wikipedia.org/wiki/FreeRTOS},
  urldate = {2022-07-08}
}

@misc{noauthor_mqtt_nodate,
  title   = {{MQTT} {Publish}, {Subscribe} \& {Unsubscribe} - {MQTT} {Essentials}: {Part} 4},
  url     = {https://www.hivemq.com/blog/mqtt-essentials-part-4-mqtt-publish-subscribe-unsubscribe/},
  urldate = {2022-07-10}
}

@misc{noauthor_aws_nodate-3,
  title   = {{AWS} {IoT} {Core}},
  url     = {https://aws.amazon.com/pt/iot-core/},
  urldate = {2022-07-10}
}

@misc{noauthor_mqtt_nodate-1,
  title   = {{MQTT} - {The} {Standard} for {IoT} {Messaging}},
  url     = {https://mqtt.org/},
  urldate = {2022-07-10}
}

@misc{noauthor_oasis_nodate,
  title   = {{OASIS} (organization) - {Wikipedia}},
  url     = {https://en.wikipedia.org/wiki/OASIS_(organization)},
  urldate = {2022-07-10}
}

@misc{noauthor_mqtt_nodate-2,
  title   = {{MQTT} - {Wikipedia}},
  url     = {https://en.wikipedia.org/wiki/MQTT},
  urldate = {2022-07-10}
}

@misc{noauthor_what_nodate-1,
  title   = {What is {Alexa} {Voice} {Services} ({AVS})? - {Definition} from {WhatIs}.com},
  url     = {https://www.techtarget.com/whatis/definition/Alexa-Voice-Services-AVS},
  urldate = {2022-07-10}
}

@misc{noauthor_b-l475e-iot01a_nodate,
  title    = {B-{L475E}-{IOT01A} - {STM32L4} {Discovery} kit {IoT} node, low-power wireless, {BLE}, {NFC}, {SubGHz}, {Wi}-{Fi} - {STMicroelectronics}},
  url      = {https://www.st.com/en/evaluation-tools/b-l475e-iot01a.html},
  abstract = {B-L475E-IOT01A - STM32L4 Discovery kit IoT node, low-power wireless, BLE, NFC, SubGHz, Wi-Fi, B-L475E-IOT01A1, B-L475E-IOT01A2, STMicroelectronics},
  language = {en},
  urldate  = {2022-09-07}
}

@misc{noauthor_nxp_nodate-1,
  title    = {{NXP} {EdgeReady} {\textbar} {MCU} for {Alexa} {Voice} {Service}},
  url      = {https://www.nxp.com/design/designs/edgeready-mcu-based-solution-for-alexa-for-iot:MCU-VOICE-CONTROL-AVS},
  abstract = {MCU-based solution for Amazon's Alexa Voice Service (AVS) Integration for AWS IoT Core leverages the i.MX RT crossover MCU for an out-of-box AVS experience},
  language = {en\_US},
  urldate  = {2022-09-07}
}

@misc{noauthor_getting_nodate,
  title   = {Getting started with the {STMicroelectronics} {STM32L4} {Discovery} {Kit} {IoT} {Node} - {FreeRTOS}},
  url     = {https://docs.aws.amazon.com/freertos/latest/userguide/getting_started_st.html},
  urldate = {2022-10-15}
}

@misc{noauthor_aws_nodate-4,
  title   = {{AWS} {IoT} - {Device} {Software} - {FreeRTOS} device software},
  url     = {https://sa-east-1.console.aws.amazon.com/iot/home?region=sa-east-1#/software/freertos},
  urldate = {2022-10-15}
}

@misc{noauthor_release_nodate,
  title   = {Release v1.17.2 · {STMicroelectronics}/{STM32CubeL4} · {GitHub}},
  url     = {https://github.com/STMicroelectronics/STM32CubeL4/releases/tag/v1.17.2},
  urldate = {2022-10-17}
}

@misc{noauthor_github_nodate,
  title   = {{GitHub} - {STMicroelectronics}/{STM32CubeL4}: {STM32Cube} {MCU} {Full} {Package} for the {STM32L4} series - ({HAL} + {LL} {Drivers}, {CMSIS} {Core}, {CMSIS} {Device}, {MW} libraries plus a set of {Projects} running on all boards provided by {ST} ({Nucleo}, {Evaluation} and {Discovery} {Kits}))},
  url     = {https://github.com/STMicroelectronics/STM32CubeL4/},
  urldate = {2022-10-17}
}

@misc{noauthor_github_nodate-1,
  title   = {{GitHub} - {STMicroelectronics}/x-cube-aws: {STM32} {AWS} {IOT} software expansion package},
  url     = {https://github.com/STMicroelectronics/x-cube-aws},
  urldate = {2022-10-17}
}

@misc{noauthor_releases_nodate,
  title   = {Releases · aws/amazon-freertos},
  url     = {https://github.com/aws/amazon-freertos},
  urldate = {2022-10-17}
}

@misc{noauthor_using_nodate,
  title   = {Using thingsboard.io, {STM32} {B}-{L475E}-{IOT01A} {IoT} kit and {ARM} {Mbed} to monitor temperature - {forGGe}'s {Nexus}},
  url     = {https://forgge.github.io/B-L475E-IOT01A-thingsboard-read-temperature-and-humidity-using-mbed.html},
  urldate = {2022-10-18}
}

@misc{noauthor_aws_nodate-5,
  title   = {{AWS} {Skill} {Builder}},
  url     = {https://explore.skillbuilder.aws/learn/course/120/play/459/introduction-to-aws-identity-and-access-management-iam},
  urldate = {2022-10-20}
}

@misc{noauthor_installing_nodate,
  title   = {Installing or updating the latest version of the {AWS} {CLI} - {AWS} {Command} {Line} {Interface}},
  url     = {https://docs.aws.amazon.com/cli/latest/userguide/getting-started-install.html},
  urldate = {2022-10-20}
}

@misc{noauthor_what_nodate-2,
  title   = {What is {IAM}? - {AWS} {Identity} and {Access} {Management}},
  url     = {https://docs.aws.amazon.com/IAM/latest/UserGuide/introduction.html},
  urldate = {2022-10-23}
}

@misc{noauthor_search_nodate,
  title   = {Search {Results} {\textbar} {Getting} starting with {STM32L4} {Discovery} kit {IoT} node},
  url     = {https://community.st.com/s/global-search/Getting%20starting%20with%20STM32L4%20Discovery%20kit%20IoT%20node},
  urldate = {2022-10-23}
}

@misc{aws_online_tech_talks_using_2018,
  title   = {Using {AWS} {IoT} \& {Alexa} {Skills} {Kit} to {Voice}-{Control} {Connected} {Home} {Devices} - {AWS} {Online} {Tech} {Talks}},
  url     = {https://www.youtube.com/watch?v=3EfSx8_nyzc},
  urldate = {2022-10-29},
  author  = {{AWS Online Tech Talks}},
  month   = jul,
  year    = {2018}
}

@misc{noauthor_principais_nodate,
  title   = {Principais recursos de uma rede de entrega de conteúdo {\textbar} {Performance}, {Segurança} {\textbar} {Amazon} {CloudFront}},
  url     = {https://aws.amazon.com/pt/cloudfront/features/?whats-new-cloudfront.sort-by=item.additionalFields.postDateTime&whats-new-cloudfront.sort-order=desc},
  urldate = {2022-11-18}
}

@misc{noauthor_modelo_nodate,
  title   = {Modelo de responsabilidade compartilhada – {Amazon} {Web} {Services} ({AWS})},
  url     = {https://aws.amazon.com/pt/compliance/shared-responsibility-model/},
  urldate = {2022-11-19}
}

@misc{noauthor_x509_2022,
  title     = {X.509},
  copyright = {Creative Commons Attribution-ShareAlike License},
  url       = {https://en.wikipedia.org/w/index.php?title=X.509&oldid=1122846040},
  abstract  = {In cryptography, X.509 is an International Telecommunication Union (ITU) standard defining the format of public key certificates. X.509 certificates are used in many Internet protocols, including TLS/SSL, which is the basis for HTTPS, the secure protocol for browsing the web. They are also used in offline applications, like electronic signatures.An X.509 certificate binds an identity to a public key using a digital signature. A certificate contains an identity (a hostname, or an organization, or an individual) and a public key (RSA, DSA, ECDSA, ed25519, etc.), and is either signed by a certificate authority or is self-signed. When a certificate is signed by a trusted certificate authority, or validated by other means, someone holding that certificate can use the public key it contains to establish secure communications with another party, or validate documents digitally signed by the corresponding private key.
               X.509 also defines certificate revocation lists, which are a means to distribute information about certificates that have been deemed invalid by a signing authority, as well as a certification path validation algorithm, which allows for certificates to be signed by intermediate CA certificates, which are, in turn, signed by other certificates, eventually reaching a trust anchor.
               X.509 is defined by the International Telecommunications Union's "Standardization Sector" (ITU-T's SG17), in ITU-T Study Group 17 and is based on ASN.1, another ITU-T standard.},
  language  = {en},
  urldate   = {2022-11-20},
  journal   = {Wikipedia},
  month     = nov,
  year      = {2022},
  note      = {Page Version ID: 1122846040}
}

@misc{noauthor_security_nodate,
  title   = {Security in {AWS} {IoT} - {AWS} {IoT} {Core}},
  url     = {https://docs.aws.amazon.com/iot/latest/developerguide/security.html},
  urldate = {2022-11-20}
}

@misc{noauthor_segurancem_nodate,
  title   = {Segurança em {AWS} {IoT} - {AWS} {IoT} {Core}},
  url     = {https://docs.aws.amazon.com/pt_br/iot/latest/developerguide/security.html},
  urldate = {2022-11-20}
}

@misc{noauthor_logging_nodate,
  title   = {Logging and {Monitoring} - {AWS} {IoT} {Core}},
  url     = {https://docs.aws.amazon.com/iot/latest/developerguide/security-logging.html},
  urldate = {2022-11-20}
}

@misc{noauthor_identity_nodate,
  title   = {Identity and access management for {AWS} {IoT} - {AWS} {IoT} {Core}},
  url     = {https://docs.aws.amazon.com/iot/latest/developerguide/security-iam.html},
  urldate = {2022-11-20}
}

@misc{noauthor_authorization_nodate,
  title   = {Authorization - {AWS} {IoT} {Core}},
  url     = {https://docs.aws.amazon.com/iot/latest/developerguide/iot-authorization.html},
  urldate = {2022-11-20}
}

@misc{noauthor_authentication_nodate,
  title   = {Authentication - {AWS} {IoT} {Core}},
  url     = {https://docs.aws.amazon.com/iot/latest/developerguide/authentication.html},
  urldate = {2022-11-20}
}

@misc{noauthor_aws_nodate-6,
  title   = {{AWS} {IoT} security - {AWS} {IoT} {Core}},
  url     = {https://docs.aws.amazon.com/iot/latest/developerguide/iot-security.html},
  urldate = {2022-11-20}
}

@misc{noauthor_amazon_nodate-1,
  title   = {Amazon {Lambda} - {AWS}},
  url     = {https://aws.amazon.com/pt/lambda/},
  urldate = {2022-11-20}
}

@misc{noauthor_computacao_nodate,
  title   = {Computação sem servidor - {AWS} {Lambda} - {Amazon} {Web} {Services}},
  url     = {https://aws.amazon.com/pt/lambda/features/?pg=ln&sec=hs},
  urldate = {2022-11-20}
}

@misc{noauthor_o_nodate-4,
  title   = {O que é {Cloud}? {Saiba} a história da computação em nuvem {\textbar} {Alura}},
  url     = {https://www.alura.com.br/artigos/o-que-e-cloud-e-seus-principais-servicos},
  urldate = {2022-11-21}
}

@misc{Reference0,
  title = {O que é cloud computing (computação em nuvem)? - {Amazon} {Web} {Services}},
  url   = {https://aws.amazon.com/pt/what-is-cloud-computing/},
  note  = {Acesso em: 23 Jun. 2022},
  year  = {2022}
}

@misc{noauthor_assistente_2021,
  title     = {Assistente virtual inteligente},
  copyright = {Creative Commons Attribution-ShareAlike License},
  url       = {https://pt.wikipedia.org/w/index.php?title=Assistente_virtual_inteligente&oldid=61772562},
  abstract  = {Um assistente pessoal inteligente é um agente de software que pode realizar tarefas ou serviços para um indivíduo. Estas tarefas ou serviços são baseados na entrada do usuário, geolocalização, e a capacidade de acessar informações de uma variedade de fontes on-line, tais como condições meteorológicas e de trânsito, notícias, os preços das ações, horários de usuários, entre outros. Exemplos de assistentes virtuais inteligentes são a Alexa, Siri, Google Assistant e Microsoft Cortana.Se trata de um sistema que acessa um banco de dados e, com grande velocidade, gera uma resposta. O que facilita e agiliza na obtenção de informações para usuários do Assistente Virtual. Além disso, os Assistentes Virtuais são capazes, por meio de Inteligência Artificial, de optimizar o banco de dados ao reconhecer mais perguntas e respostas com o passar do tempo. Portanto, desde o inicio do avanço exponencial de diversas áreas da ciência da computação e por meio de sua combinação, nas ultimas décadas. Os Assistentes Virtuais vem ganhando grande espaço.},
  language  = {pt},
  urldate   = {2022-11-25},
  journal   = {Wikipédia, a enciclopédia livre},
  month     = aug,
  year      = {2021},
  note      = {Page Version ID: 61772562}
}

@misc{noauthor_amazon_2022,
  title     = {Amazon {Alexa}},
  copyright = {Creative Commons Attribution-ShareAlike License},
  url       = {https://en.wikipedia.org/w/index.php?title=Amazon_Alexa&oldid=1123495975},
  abstract  = {Amazon Alexa, also known simply as Alexa, is a virtual assistant technology largely based on a Polish speech synthesiser named Ivona, bought by Amazon in 2013. It was first used in the Amazon Echo smart speaker and the Echo Dot, Echo Studio and Amazon Tap speakers developed by Amazon Lab126. It is capable of voice interaction, music playback, making to-do lists, setting alarms, streaming podcasts, playing audiobooks, and providing weather, traffic, sports, and other real-time information, such as news. Alexa can also control several smart devices using itself as a home automation system. Users are able to extend the Alexa capabilities by installing "skills" (additional functionality developed by third-party vendors, in other settings more commonly called apps) such as weather programs and audio features. It uses automatic speech recognition, natural language processing, and other forms of weak AI to perform these tasks.Most devices with Alexa allow users to activate the device using a wake-word (such as Alexa or Amazon); other devices (such as the Amazon mobile app on iOS or Android and Amazon Dash Wand) require the user to click a button to activate Alexa's listening mode, although, some phones also allow a user to say a command, such as "Alexa" or "Alexa wake".
               As of November 2018, Amazon had more than 10,000 employees working on Alexa and related products. In January 2019, Amazon's devices team announced that they had sold over 100 million Alexa-enabled devices.In September 2019, Amazon launched many new devices achieving many records while competing with the world's smart home industry. The new Echo Studio became the first smart speaker with 360 sound and Dolby sound. Other new devices included an Echo dot with a clock behind the fabric, a new third-generation Amazon Echo, Echo Show 8, a plug-in Echo device, Echo Flex, Alexa built-in wireless earphones, Echo buds, Alexa built-in spectacles, Echo frames, an Alexa built-in Ring, and Echo Loop.},
  language  = {en},
  urldate   = {2022-11-25},
  journal   = {Wikipedia},
  month     = nov,
  year      = {2022},
  note      = {Page Version ID: 1123495975}
}

@misc{noauthor_alexa_nodate,
  title   = {Alexa {Skills} {\textbar} {Amazon}.com.br},
  url     = {https://www.amazon.com.br/b?ie=UTF8&node=17938238011},
  urldate = {2022-11-25}
}

@misc{noauthor_alexa_nodate-1,
  title   = {Alexa {Skills} {\textbar} {Amazon}.com.br},
  url     = {https://www.amazon.com.br/b?ie=UTF8&node=17938238011},
  urldate = {2022-11-25}
}

@misc{noauthor_get_nodate,
  title   = {Get {Started} with the {Alexa} {Skills} {Kit} - {Alexa} {Skills} {Kit} {Official} {Site}},
  url     = {https://developer.amazon.com/pt-BR/alexa/alexa-skills-kit/start},
  urldate = {2022-11-25}
}

@misc{noauthor_integracao_nodate,
  title   = {Integração do {Alexa} {Voice} {Service} ({AVS}) {aoAWS} {IoT} - {AWS} {IoT} {Core}},
  url     = {https://docs.aws.amazon.com/pt_br/iot/latest/developerguide/avs-integration-aws-iot.html},
  urldate = {2022-11-25}
}
